<?xml version="1.0" encoding="UTF-8"?><collection xmlns="http://www.loc.gov/MARC21/slim"><record><leader>00370nam--2200157-i-4500</leader><controlfield tag="001">000003904</controlfield><controlfield tag="002">20161230</controlfield><controlfield tag="005">20170208171700</controlfield><controlfield tag="008">060222s1000------------r-----000-0-eng-d</controlfield><datafield ind1=" " ind2=" " tag="100"><subfield code="a">Cernobaev, N. E</subfield></datafield><datafield ind1=" " ind2=" " tag="245"><subfield code="a">Turnarea de precizie</subfield></datafield><datafield ind1=" " ind2=" " tag="260"><subfield code="a">Bucuresti</subfield><subfield code="b">I.D.T</subfield><subfield code="c">1950</subfield></datafield><datafield ind1=" " ind2=" " tag="300"><subfield code="a">70 p</subfield></datafield><datafield ind1=" " ind2=" " tag="700"><subfield code="a">Provorov, A. E</subfield></datafield><datafield ind1=" " ind2=" " tag="852"><subfield code="a">621.74</subfield></datafield><datafield ind1=" " ind2=" " tag="CAT"><subfield code="a">SYS</subfield><subfield code="c">20170208</subfield><subfield code="h">171700</subfield></datafield></record></collection>